<?xml version="1.0" encoding="UTF-8"?><collection xmlns="http://www.loc.gov/MARC21/slim"><record><leader>00430nam--2200133-i-4500</leader><controlfield tag="001">000002948</controlfield><controlfield tag="002">20161230</controlfield><controlfield tag="005">20161230201025</controlfield><controlfield tag="008">060222s1000------------r-----000-0-eng-d</controlfield><datafield ind1=" " ind2=" " tag="100"><subfield code="a">Bomke, H. Und J.Gefahrt</subfield></datafield><datafield ind1=" " ind2=" " tag="245"><subfield code="a">Einfuhrung in die theorie der ausbreitung elek tromagnetischer wellen in leitungen und hohlka beln</subfield></datafield><datafield ind1=" " ind2=" " tag="260"><subfield code="a">Stuttgart, Wiss,  Verlaggesellschaft Mbh, 1950 163 P</subfield></datafield><datafield ind1=" " ind2=" " tag="490"><subfield code="a">Physik Und Technik</subfield></datafield><datafield ind1=" " ind2=" " tag="852"><subfield code="a">11629</subfield></datafield></record></collection>